@book{dirac1930principles,
  title={The Principles of Quantum Mechanics},
  author={Dirac, Paul Adrien Maurice},
  year={1930},
  publisher={Oxford University Press}
}

@book{vonNeumann1932foundations,
  title={Mathematical Foundations of Quantum Mechanics},
  author={von Neumann, John},
  year={1932},
  publisher={Berlin: Springer}
}